@article{gershon1998bank,
  author  = {Diane Gershon},
  title   = {Taking your skills all the way to the bank},
  journal = {Nature},
  volume  = {393},
  pages   = {496},
  year    = {1998},
  doi     = {10.1038/31032}
}

@article{Einstein1905,
  author  = {Einstein, A.},
  title   = {{\"U}ber die von der molekularkinetischen Theorie der W{\"a}rme geforderte Bewegung von in ruhenden Fl{\"u}ssigkeiten suspendierten Teilchen},
  journal = {Annalen der Physik},
  volume  = {322},
  number  = {8},
  pages   = {549--560},
  year    = {1905},
  doi     = {10.1002/andp.19053220806}
}

@article{Einstein1906,
  author  = {Einstein, A.},
  title   = {Zur Theorie der Brownschen Bewegung},
  journal = {Annalen der Physik},
  volume  = {324},
  number  = {2},
  pages   = {371--381},
  year    = {1906},
  doi     = {10.1002/andp.19063240208}
}
